@article{convformer,
  author = {Очкин, Никита Валерьевич and Зубарев, Кирилл Михайлович},
  title = {Исследование влияния модульной гибридизации на точность и эффективность трансформеров для долгосрочного прогнозирования временных рядов},
  year = {2025},
  url = {https://github.com/namenick91/Convformer/blob/main/preprint.pdf}
}
